<?xml version="1.0" encoding="UTF-8"?><collection xmlns="http://www.loc.gov/MARC21/slim"><record><leader>00563nam--2200169-i-4500</leader><controlfield tag="001">000042762</controlfield><controlfield tag="002">20161230</controlfield><controlfield tag="005">20161230201043</controlfield><controlfield tag="008">060222s1000------------r-----000-0-eng-d</controlfield><datafield ind1=" " ind2=" " tag="040"><subfield code="a">IFIN-HH</subfield></datafield><datafield ind1=" " ind2=" " tag="080"><subfield code="a">539.124.143(043)</subfield></datafield><datafield ind1="1" ind2=" " tag="100"><subfield code="a">Steckelberg,William Carl</subfield></datafield><datafield ind1="1" ind2="0" tag="245"><subfield code="a">Analysis of the electron spin resonance spectrum of a preferentially oriented defect center in diamond</subfield><subfield code="b">Dissertation</subfield><subfield code="c">William carl steckelberg</subfield></datafield><datafield ind1=" " ind2=" " tag="260"><subfield code="a">An Arbor, Michigan</subfield><subfield code="b">University Microfilms</subfield><subfield code="c">1971</subfield></datafield><datafield ind1=" " ind2=" " tag="300"><subfield code="a">92 P</subfield></datafield><datafield ind1=" " ind2=" " tag="852"><subfield code="a">40568</subfield><subfield code="c">539.143.43</subfield></datafield><datafield ind1=" " ind2=" " tag="CAT"><subfield code="a">Sys</subfield><subfield code="c">20120509</subfield><subfield code="h">105618</subfield></datafield></record></collection>